@book{zinth,
  title={Optik: Lichtstrahlen - Wellen - Photonen}, 
  author={Bonertz, Tina and Zinth, Ursula and Zinth, Wolfgang},
  year={2013},
  publisher={De Gruyter}
}
@book{phying, 
  place={Berlin}, 
  title={Physik für Ingenieure},
  publisher={Springer Berlin}, 
  author={Hering, Ekbert and Martin, Rolf and Stohrer, Martin and Käß Hanno and Kurz Günther and Schulz, Wolfgang}, 
  year={2016}
} 
@book{hl-bauel,
  place={Berlin}, 
  title={Halbleiter-Bauelemente}, 
  publisher={Springer Berlin}, 
  author={Michael Reisch},
  year={2007}
}
@book{hecht,
    title={Optik},
    author={Eugene Hecht},
    publisher={De Gruyter},
    year={2018}
}
@misc{wiki:diode,
  title={Diode},
  howpublished={\url{https://de.wikipedia.org/wiki/Diode}},
  author={Saure},
  note={Zuletzt Zugegriffen: 20.06.2020, bearbeitet}
}
@book{demtroeder,
    title={Experimentalphysik 2},
    author={Demtröder},
    year={2017}
}
@misc{wiki:lambdahalbe,
    howpublished={\url{https://upload.wikimedia.org/wikipedia/commons/c/c7/Waveplate_notext.png}},
    note={Zuletzt zugegriffen: 11.07.2020}
}
@book{Diels2006,
    author = {Diels, Jean-Claude AND Rudolph, Wolfgang},
    year = {2006},
    title = {Ultrashort Laser Pulse Phenomena},
    publisher = {Elsevier},
}
@BOOK{Boyd,
    AUTHOR = {Boyd, Robert W.},
    YEAR = {2008},
    TITLE = {Nonlinear Optics},
    PUBLISHER = {Elsevier},
}
@book{hunklinger,
  author={Hunklinger, Siegfried},
  title={Festk{\"o}rperphysik},
  edition={5. Auflage},
  publisher={De Gruyter},
  address={Berlin ; Boston},
  year={2018},
  language={ger},
  isbn={978-3-11-056775-5 and 978-3-11-056827-1},
  series={De Gruyter Studium},
  doi={10.1515/9783110567755},
  keywords={Festk{\"o}rperphysik},
  url={http://dx.doi.org/10.1515/9783110567755},
}
@misc{nobelqhe,
    title={The Nobel Prize in Physics 1998},
    url={https://www.nobelprize.org/prizes/physics/1998/press-release/},
    note={Zuletzt zugegriffen: 10.12.2020}
}
@misc{vorb,
    title={Fortgeschrittenen-Praktikum - Der Quanten-Hall-Effekt},
    organization={Universität Regensburg},
    year={2020}
}
@misc{vdp-korr,
    title={van der Pauw correction factor},
    url={https://juluribk.com/van-der-pauw-correction-factor.html},
    note={Zuletzt zugegriffen: 18.12.2020}
}
